%% ----------------------------------------------------------------------
%%    Examples of common entries
%% ----------------------------------------------------------------------

@article{example-article,
    author = {I. Surname and I. Surname and I. Surname},
    title = {The Title of the Article},
    journal = {The Title of the Journal},
    volume = {1},
    number = {2},
    pages = {123-456},
    year = {2000},
    note = {}
}

@book{example-book,
    author = {I. Surname and I. Surname and I. Surname},
    title = {The Title of the Book},
    publisher = {Publisher},
    year = {2000},
    edition = {8th ed.},
    address = {City, State or Country},
    note = {}
}

@online{example-website,
    author = {{Website Name} <OR> I. Surname and I. Surname and I. Surname},
    title = {Title of the Website},
    url = {https://example.com},
    urldate = {2020-12-24},
    year = {2000}
}

%% ----------------------------------------------------------------------
%%    Start of bibliography
%% ----------------------------------------------------------------------

@online{mit-newteams,
    author = {MIT Human Ressources},
    title = {Important Steps when Building a new Team},
    url = {https://hr.mit.edu/learning-topics/teams/articles/new-team},
    urldate = {2024-04-14},
    year = {2024}
}

@online{1000logos,
    author = {1000 Logos},
    title = {1000 Logos - The Famous Brands and Company Logos in the World},
    url = {https://1000logos.net/},
    urldate = {2024-04-14},
    year = {2024}
}

@book{connolly2023database,
  title = {Database Solutions: A Step by Step Guide to Building Databases},
  author = {Connolly, Thomas M. and Begg, Carolyn E.},
  publisher = {Addison Wesley},
  year = {2004},
  edition = {2nd ed.}
}

@online{trello-converter,
    author = {{Trello Converter on Github}},
    title = {GitHub},
    url = {https://github.com/Cal-ly/TrelloConverter},
    urldate = {2024-05-24},
    year = {2024}
}